<record><leader>00000cas a22000007a 4500</leader><controlfield tag="001">20135134</controlfield><controlfield tag="008">890807u19uuuuuumoudn ne      0    0eng d</controlfield><datafield ind1=" " ind2=" " tag="010"><subfield code="a">sn 89071350 </subfield></datafield><datafield ind1=" " ind2=" " tag="040"><subfield code="a">NYG</subfield><subfield code="b">eng</subfield><subfield code="c">NYG</subfield><subfield code="d">OCLCG</subfield><subfield code="d">OCLCQ</subfield><subfield code="d">OCLCF</subfield></datafield><datafield ind1="1" ind2=" " tag="029"><subfield code="a">AU@</subfield><subfield code="b">000025869719</subfield></datafield><datafield ind1="1" ind2=" " tag="029"><subfield code="a">NZ1</subfield><subfield code="b">12082003</subfield></datafield><datafield ind1=" " ind2=" " tag="042"><subfield code="a">msc</subfield></datafield><datafield ind1="0" ind2="4" tag="245"><subfield code="a">The Hannibal courier-post and Hannibal journal.</subfield></datafield><datafield ind1="1" ind2="3" tag="246"><subfield code="a">Hannibal courier-post and journal</subfield></datafield><datafield ind1=" " ind2=" " tag="260"><subfield code="a">Hannibal, Mo. :</subfield><subfield code="b">Courier-Post Pub. Co.</subfield></datafield><datafield ind1=" " ind2=" " tag="300"><subfield code="a">v.</subfield></datafield><datafield ind1=" " ind2=" " tag="310"><subfield code="a">Daily (except Sunday)</subfield></datafield><datafield ind1=" " ind2=" " tag="500"><subfield code="a">Special Mark Twain Centennial ed. issued: Mar. 6, 1935.</subfield></datafield><datafield ind1=" " ind2=" " tag="588"><subfield code="a">Description based on: Vol. 97, no. 56 (Mar. 6, 1935).</subfield></datafield><datafield ind1="1" ind2="0" tag="600"><subfield code="a">Twain, Mark,</subfield><subfield code="d">1835-1910.</subfield></datafield><datafield ind1="1" ind2="7" tag="600"><subfield code="a">Twain, Mark,</subfield><subfield code="d">1835-1910.</subfield><subfield code="2">fast</subfield><subfield code="0">(OCoLC)fst00031622</subfield></datafield><datafield ind1=" " ind2=" " tag="752"><subfield code="a">United States</subfield><subfield code="b">Missouri</subfield><subfield code="c">Marion</subfield><subfield code="d">Hannibal.</subfield></datafield></record>